@book{Schiff2012,
	author  ={Schiff, P.},
	title   ={The Real Crash},
	subtitle = {How to Save Yourself and Your Country},
	address ={Nova Iorque},
	publisher={St. Martin's Press},
	pages   =352,
	isbn ={12-500-0447-5},
	year ={2012}
}

@book{Antonopoulos2014,
	author  ={Antonopoulos, A.},
	title   ={Mastering Bitcoin},
	address ={Califórnia},
	publisher={O’Reilly Media},
	pages   =298,
	isbn ={14-493-7404-4},
	year ={2014}
}

@book{Ulrich2014,
	author  ={Ulrich, F.},
	title   ={Bitcoin. A Moeda na Era Digital},
	address ={São Paulo},
	publisher={LVM},
	pages   =123,
	isbn ={85-811-9076-6},
	year ={2014}
}

@book{Swan2015,
	author  ={Swan, M.},
	title   ={Blockchain: Blueprint for a New Economy},
	address ={Califórnia},
	publisher={O’Reilly Media},
	pages   =152,
	isbn ={14-919-2049-7},
	year ={2015}
}

@book{Caetano2015,
	author  ={Caetano, R.},
	title   ={Learning Bitcoin},
	address ={Birmingham},
	publisher={Packt Publishing},
	pages   =236,
	isbn ={17-852-8730-5},
	year ={2015}
}

@book{Drescher2018,
	author  ={Drescher, D.},
	title   ={Blockchain Básico: uma Introdução Não Técnica	em 25 Passos},
	address ={São Paulo},
	publisher={Novatec},
	pages   =272,
	isbn ={85-752-2669-8},
	year ={2018}
}

@book{Gourley&Totty2002,
	author  ={Gourley, D. e Totty, B.},
	title   ={HTTP: The Definitive Guide: The Definitive Guide},
	address ={Califórnia},
	publisher={O’Reilly Media},
	pages   =658,
	isbn ={15-659-2509-2},
	year ={2002}
}

@book{Laurence2017,
	author  ={Laurence, T.},
	title   ={Blockchain for Dummies},
	address ={Nova Jérsei},
	publisher={John Wiley and Sons},
	pages   =240,
	isbn ={11-193-6559-4},
	year ={2017}
}

@misc{Sharma2018,
	title   ={How Blockchain is Solving the Problem of Double-Spending in the Finance Sector?},
	url     ={https://www.blockchain-council.org/blockchain/how-blockchain-is-solving-the-problem-of-double-spending-in-the-finance-sector/},
	organization={Blockchain Council},
	urlaccessdate={24 mar. 2019}
}

@misc{Subramaniam2014,
	author = {Subramaniam, P},
	title   ={REST API Design - Resource Modeling},
	url     ={https://www.thoughtworks.com/pt/insights/blog/rest-api-design-resource-modeling},
	organization={Thought Works},
	year = {2014},
	urlaccessdate={28 maio 2019}
}

@misc{Wowza,
    title = {Peer-to-Peer Unicast Streaming. The Death of Multicast?},
    url = {https://www.wowza.com/resources/guides/p2p-unicast-streaming},
    organization={Wowza Media Systems},
	year={2019},
	urlaccessdate={25 mar. 2019}
}

@misc{ClienteServidorWikipedia,
    title = {Cliente-servidor},
    url = {https://pt.wikipedia.org/wiki/Cliente-servidor},
    organization={Wikipedia, a Enciclopedia Livre},
	year={2013},
	urlaccessdate={25 mar. 2019}
}

@misc{HttpRequest,
    title = {Top 3 Online Tools for Simulating HTTP Requests},
	author = {Maria Hernandez},
    url = {https://ubidots.com/blog/top-3-online-tools-for-simulating-http-requests/},
    organization={Ubidots},
	year={2017},
	urlaccessdate={25 mar. 2019}
}

@book{De2017,
	author  ={De, B.},
	title   ={API Management},
	subtitle ={An Architect’s Guide to Developing and Managing APIs for Your Organization},
	address ={Nova Iorque},
	publisher={Springer},
	pages   =209,
	isbn ={14-842-1305-6},
	year ={2017}
}

@book{Reddy2011,
   author =    {Reddy, M.},
   title =     {API Design for C++},
   publisher = {Morgan Kaufmann},
   address = {Masachusetes},
   pages     = 446,
   isbn =      {01-238-5003-7},
   year =      {2011},
}

@book{Doglio:2018,
   title =     {REST API Development with Node.js},
   author =    {Doglio, F.},
   publisher = {Apress},
   address = {Nova Iorque},
   pages= 331,
   isbn =      {14-842-3714-4},
   year =      {2018},
   edition =   {2},
}

@book{Masse:2016,
   title =     {REST API: Design Rulebook},
   author =    {Mass\'e, M.},
   publisher = {O’Reilly Media},
   address = {Califórnia},
   pages= 116,
   isbn =      {14-493-1050-8},
   year =      {2016},
   edition =   {1},
}
